<record><leader>00000cas a2200000 a 4500</leader><controlfield tag="001">55143362</controlfield><controlfield tag="008">040514d19091921orudn ne      0    0eng c</controlfield><datafield ind1=" " ind2=" " tag="010"><subfield code="a">  2004260241</subfield></datafield><datafield ind1=" " ind2=" " tag="040"><subfield code="a">ORU</subfield><subfield code="b">eng</subfield><subfield code="c">ORU</subfield><subfield code="d">OCLCQ</subfield><subfield code="d">ORU</subfield><subfield code="d">OCLCF</subfield><subfield code="d">OCLCO</subfield></datafield><datafield ind1="1" ind2=" " tag="029"><subfield code="a">AU@</subfield><subfield code="b">000025581293</subfield></datafield><datafield ind1=" " ind2=" " tag="042"><subfield code="a">pcc</subfield></datafield><datafield ind1=" " ind2=" " tag="043"><subfield code="a">n-us-or</subfield></datafield><datafield ind1="0" ind2="4" tag="245"><subfield code="a">The daily gazette-times.</subfield></datafield><datafield ind1=" " ind2=" " tag="260"><subfield code="a">Corvallis, Benton County, Or. :</subfield><subfield code="b">N.R. Moore,</subfield><subfield code="c">-1921.</subfield></datafield><datafield ind1=" " ind2=" " tag="300"><subfield code="a">v. :</subfield><subfield code="b">ill. ;</subfield><subfield code="c">54 cm</subfield></datafield><datafield ind1=" " ind2=" " tag="310"><subfield code="a">Daily (except Sun.)</subfield></datafield><datafield ind1="1" ind2=" " tag="362"><subfield code="a">Began in July 1909.</subfield></datafield><datafield ind1="0" ind2=" " tag="362"><subfield code="a">-v. 13, no. 100 (Aug. 31, 1921).</subfield></datafield><datafield ind1=" " ind2=" " tag="515"><subfield code="a">Some irregularities in numbering.</subfield></datafield><datafield ind1=" " ind2=" " tag="530"><subfield code="a">Also issued on microfilm from the University of Oregon.</subfield></datafield><datafield ind1=" " ind2=" " tag="580"><subfield code="a">Merger of: Corvallis daily gazette, and: Daily times (Corvallis, Or.).</subfield></datafield><datafield ind1=" " ind2=" " tag="580"><subfield code="a">Weekly eds.: Gazette-times (Corvallis, Or.), 1909, and: Weekly gazette-times, 1909-1921.</subfield></datafield><datafield ind1=" " ind2=" " tag="588"><subfield code="a">Description based on: Vol. 1, no. 78 (Aug. 2, 1909).</subfield></datafield><datafield ind1=" " ind2="0" tag="651"><subfield code="a">Corvallis (Or.)</subfield><subfield code="v">Newspapers.</subfield></datafield><datafield ind1=" " ind2="7" tag="655"><subfield code="a">Newspapers.</subfield><subfield code="2">fast</subfield><subfield code="0">(OCoLC)fst01423814</subfield></datafield><datafield ind1=" " ind2="7" tag="651"><subfield code="a">Oregon</subfield><subfield code="z">Corvallis.</subfield><subfield code="2">fast</subfield><subfield code="0">(OCoLC)fst01205176</subfield></datafield><datafield ind1=" " ind2=" " tag="752"><subfield code="a">United States</subfield><subfield code="b">Oregon</subfield><subfield code="c">Benton</subfield><subfield code="d">Corvallis.</subfield></datafield><datafield ind1="1" ind2=" " tag="775"><subfield code="t">Gazette-times (Corvallis, Or.)</subfield><subfield code="w">(DLC)sn 96088340</subfield><subfield code="w">(OCoLC)36710783</subfield></datafield><datafield ind1="1" ind2=" " tag="775"><subfield code="t">Weekly gazette-times</subfield><subfield code="w">(DLC)sn 96088341</subfield><subfield code="w">(OCoLC)36710855</subfield></datafield><datafield ind1="1" ind2="4" tag="780"><subfield code="t">Corvallis daily gazette</subfield><subfield code="w">(DLC)  2014260100</subfield><subfield code="w">(OCoLC)871004904</subfield></datafield><datafield ind1="1" ind2="4" tag="780"><subfield code="t">Daily times (Corvallis, Or.)</subfield></datafield><datafield ind1="0" ind2="0" tag="785"><subfield code="t">Corvallis gazette-times</subfield><subfield code="w">(DLC)sn 83004714</subfield><subfield code="w">(OCoLC)10012551</subfield></datafield></record>